<?xml version="1.0" encoding="UTF-8"?><collection xmlns="http://www.loc.gov/MARC21/slim"><record><leader>00437nam--2200169-i-4500</leader><controlfield tag="001">000014001</controlfield><controlfield tag="002">20161230</controlfield><controlfield tag="005">20170114002838</controlfield><controlfield tag="008">060222s1000------------r-----000-0-eng-d</controlfield><datafield ind1=" " ind2=" " tag="080"><subfield code="a">621.039-78:614.8</subfield></datafield><datafield ind1=" " ind2=" " tag="245"><subfield code="a">Crc handbook of laboratory safety</subfield></datafield><datafield ind1=" " ind2=" " tag="250"><subfield code="a">second edition</subfield></datafield><datafield ind1=" " ind2=" " tag="260"><subfield code="a">Boca Raton , Florida</subfield><subfield code="b">Crc Press, Inc</subfield><subfield code="c">1980</subfield></datafield><datafield ind1=" " ind2=" " tag="300"><subfield code="a">854 p</subfield></datafield><datafield ind1=" " ind2=" " tag="700"><subfield code="a">Steere, Norman V</subfield></datafield><datafield ind1=" " ind2=" " tag="852"><subfield code="a">49461</subfield></datafield><datafield ind1=" " ind2=" " tag="CAT"><subfield code="a">SYS</subfield><subfield code="c">20170114</subfield><subfield code="h">002838</subfield></datafield></record></collection>